<?xml version="1.0" encoding="UTF-8"?><record xmlns="http://www.loc.gov/MARC21/slim" xmlns:cinclude="http://apache.org/cocoon/include/1.0" xmlns:zs="http://www.loc.gov/zing/srw/">
  <leader>00538cz  a2200133n  4500</leader>
  <controlfield tag="001">n  85137815 </controlfield>
  <controlfield tag="003">DLC</controlfield>
  <controlfield tag="005">20120801081457.0</controlfield>
  <controlfield tag="008">861112n| acannaab           |n ana      </controlfield>
  <datafield tag="010" ind1=" " ind2=" ">
    <subfield code="a">n  85137815 </subfield>
  </datafield>
  <datafield tag="040" ind1=" " ind2=" ">
    <subfield code="a">DLC</subfield>
    <subfield code="b">eng</subfield>
    <subfield code="c">DLC</subfield>
    <subfield code="d">DLC</subfield>
  </datafield>
  <datafield tag="111" ind1="2" ind2=" ">
    <subfield code="a">Workshop on Assessment and Related Aspects</subfield>
    <subfield code="d">(1982 :</subfield>
    <subfield code="c">Lahore, Pakistan)</subfield>
  </datafield>
  <datafield tag="667" ind1=" " ind2=" ">
    <subfield code="a">THIS 1XX FIELD CANNOT BE USED UNDER RDA UNTIL THIS RECORD HAS BEEN REVIEWED AND/OR UPDATED</subfield>
  </datafield>
  <datafield tag="670" ind1=" " ind2=" ">
    <subfield code="a">Its Miscellany, 1982?:</subfield>
    <subfield code="b">t.p. (Workshop on Assessment and Related Aspects; refresher course, Oct. 30-Nov. 18, 1982)</subfield>
  </datafield>
</record>